@book{White:2012:HDG:2285539,
 author = {White, Tom},
 title = {Hadoop: The Definitive Guide},
 year = {2012},
 isbn = {1449311520, 9781449311520},
 publisher = {O'Reilly Media, Inc.},
}